<record><leader>00000cas a22000007a 4500</leader><controlfield tag="001">17063561</controlfield><controlfield tag="008">871125d18821888ohuwr ne      0    0eng d</controlfield><datafield ind1=" " ind2=" " tag="010"><subfield code="a">sn 87075217 </subfield></datafield><datafield ind1=" " ind2=" " tag="040"><subfield code="a">ONP</subfield><subfield code="b">eng</subfield><subfield code="c">ONP</subfield><subfield code="d">OCLCQ</subfield></datafield><datafield ind1=" " ind2=" " tag="042"><subfield code="a">msc</subfield></datafield><datafield ind1="0" ind2=" " tag="130"><subfield code="a">Marietta weekly leader (Marietta, Ohio : 1882)</subfield></datafield><datafield ind1="1" ind2="4" tag="245"><subfield code="a">The Marietta weekly leader.</subfield></datafield><datafield ind1=" " ind2=" " tag="260"><subfield code="a">Marietta, Ohio :</subfield><subfield code="b">Frank A. Crippen,</subfield><subfield code="c">1882-1888.</subfield></datafield><datafield ind1=" " ind2=" " tag="310"><subfield code="a">Weekly</subfield></datafield><datafield ind1="0" ind2=" " tag="362"><subfield code="a">Vol. 2, no. 1 (Feb. 21, 1882)-v. 8, no. 8 (Feb. 21, 1888).</subfield></datafield><datafield ind1=" " ind2=" " tag="752"><subfield code="a">United States</subfield><subfield code="b">Ohio</subfield><subfield code="c">Washington</subfield><subfield code="d">Marietta.</subfield></datafield><datafield ind1="0" ind2="0" tag="780"><subfield code="t">Weekly leader (Marietta, Ohio)</subfield><subfield code="w">(DLC)sn 84028531</subfield></datafield><datafield ind1="0" ind2="0" tag="785"><subfield code="t">Marietta leader</subfield><subfield code="w">(DLC)sn 87075216</subfield></datafield></record>